2662 4486
225 297 230 302 ·
318 269 560 350 Lrnun
626 263 876 364 l,-37‚²'3t.'
1057 279 1116 368 §t

70 413 259 504 accellio:
310 447 356 500 ex
388 445 511 524 eoque
543 419 645 504 heri,
688 424 803 498 utin
838 421 931 502 haec
960 421 1108 504 intenta

72 559 182 616 mens
205 533 341 626 nostra,
367 535 515 612 beatam
540 533 645 609 illam
668 553 839 610 naturam
861 540 899 613 ὃ(
919 533 1108 638 sempiter-¹

69 672 162 724 nam
190 663 311 748 putet.
366 648 464 737 Hoc,
492 669 557 747 per
577 640 675 747 ipsos
700 647 806 722 Deos
825 646 872 722 de
894 647 1030 747 quibus
1049 648 1104 726 lo-
1117 655 1165 735 38

71 761 245 858 quimur,
271 755 384 856 quale
410 757 565 834 tandem
591 757 664 833 est?
703 779 793 834 nam
819 752 846 832 sr
872 775 1104 838 tantummo-

73 863 129 946 do
156 867 206 944 ad
234 869 508 968 cogitationem
534 868 685 958 valent,
724 891 795 944 nec
822 868 939 945 ullam
966 866 1106 948 habent

74 978 310 1056 soliditatem
332 1001 403 1056 nec
426 981 698 1066 eminentiam
743 978 836 1078 quid
859 979 1026 1071 interest,
1063 1008 1107 1060 u-

74 1083 182 1168 trinn
214 1089 264 1168 de
291 1086 591 1192 hippocentauro
613 1114 663 1166 an
686 1089 734 1166 de
762 1090 849 1166 Deo
874 1092 1109 1192 cogitemus?

76 1204 256 1279 Omnem
275 1203 380 1277 enim
401 1201 516 1278 talem
540 1200 888 1278 conformationem
909 1203 1028 1278 animi
1049 1227 1108 1285 ee·

73 1316 146 1390 teri
167 1293 388 1416 philosophi
408 1331 561 1391 motum
582 1316 737 1389 inanem
758 1330 922 1388 vocant:
958 1335 1026 1388 vos
1046 1335 1108 1390 au*-

75 1443 158 1502 tem
194 1423 398 1500 adventum
429 1427 472 1499 in
497 1425 644 1500 animos
674 1427 712 1499 dc
745 1423 945 1497 introitum
980 1425 1110 1523 imagi·

77 1559 175 1612 num
198 1533 333 1610 dicitis.
398 1529 460 1611 Ut
483 1535 597 1634 igitur
618 1535 679 1608 Ti.
706 1530 918 1609 Gracchum
941 1524 1030 1608 etim
1056 1529 1108 1612 vi-

76 1647 488 1724 deor-contionantem
507 1647 548 1719 in
562 1643 757 1746 Capitolio
777 1643 915 1736 videre,
948 1647 964 1694 5
980 1643 1028 1721 de
1048 1645 1108 1722 M.

78 1758 247 1834 ottavio
271 1755 503 1836 deferentem
529 1749 696 1837 fitellam
736 1773 819 1831 tum
844 1779 930 1836 eum
955 1776 1109 1834 motum

78 1869 201 1944 animi
227 1865 316 1944 dieo
339 1865 409 1944 elle
437 1869 614 1943 inanem:
654 1885 698 1944 tu
727 1886 853 1942 aurem
878 1871 916 1944 &
951 1865 1111 1944 Gracchi

77 1983 115 2058 &
138 1971 281 2054 Oetavi
301 1980 481 2080 imagines
502 2001 707 2069 remanere,
741 2001 849 2077 quae,
886 1980 928 2053 in
953 1978 1110 2078 Capito·

76 2090 175 2165 lium
197 2081 290 2165 clam
310 2091 560 2190 pervenerint,
597 2107 680 2165 tum
709 2087 754 2162 ad
783 2090 954 2164 animum
977 2112 1110 2168 meunt

78 2199 301 2276 referantur.
362 2190 480 2276 ⁶Hoc
499 2198 601 2276 idem
622 2199 701 2276 fieri
723 2199 763 2274 in
786 2200 884 2279 Deo,
912 2202 1016 2294 cujus
1033 2225 1111 2278 cre·
1191 2197 1214 2310 ‘⁸
1246 2207 1252 2218 '

78 2310 145 2387 bra
165 2309 263 2386 facie
288 2310 475 2412 pellantur
497 2310 640 2399 animm
656 2334 712 2387 ex
732 2333 811 2411 quo
831 2309 903 2390 elie
927 2312 1037 2406 beati,
1056 2331 1111 2388 at-

1037 2447 1114 2525 que

79 2599 167 2662 Elr'ens.
181 2611 244 2655 uno,
261 2609 324 2648 moin
335 2602 415 2649 meritis
434 2609 460 2648 ac
479 2601 586 2648 Rfflo·
609 2593 890 2664 tamdeuertmptpulo.
903 2601 952 2649 &n
986 2599 1094 2658 Ursinus.

79 2680 123 2718 uz
141 2682 234 2717 utatur.
269 2664 348 2717 Idem.
649 2667 710 2717 lbid.
728 2676 765 2718 De
776 2671 812 2714 M.
825 2671 918 2716 Oilavio
931 2668 1064 2730 deferentem
1076 2668 1111 2726 fi-

116 2755 135 2796 4
159 2739 259 2801 Speciem
277 2739 324 2785 Dei
337 2739 422 2802 percipi
439 2734 496 2799 dcc]
525 2733 586 2784 Vide
611 2739 707 2800 tellam]
731 2741 765 2786 Ut
776 2736 799 2784 ei
816 2736 962 2786 tribunatum
976 2736 1050 2800 plebis
1063 2734 1112 2783 nf-

79 2806 150 2870 snpra
161 2819 212 2868 cap.
225 2819 315 2853 xrtrr.
329 2809 484 2855 &Laertium
499 2803 541 2854 lib.
556 2815 586 2854 x.
612 2803 686 2870 fregio
705 2808 748 2854 luo
765 2801 866 2868 populus
884 2805 1017 2866 abrogaret,
1041 2799 1113 2866 quod

82 2882 108 2934 §t
124 2891 181 2934 ¹39·
201 2889 276 2938 quem
289 2871 584 2940 emendetGaffendtrsOp.
613 2877 704 2937 agretia:
725 2875 795 2937 Legi,
819 2889 891 2936 quarn
913 2874 970 2922 tulit
983 2874 1112 2930 Gracchus,

84 2947 161 2992 Tom.
175 2946 218 2990 lv.
238 2957 288 3006 pag.
304 2959 360 3002 ¹²9·
395 2946 465 2992 Idem.
614 2940 776 2994 intercederet.
804 2941 933 2991 Historiam
947 2957 1042 2990 narrem
1054 2945 1113 2991 Piu-

121 3027 133 3072 ς
154 3017 192 3059 De
210 3015 247 3059 M.
261 3014 355 3061 oilaoio
372 3013 504 3075 deferentem
525 3013 588 3072 fitel·
613 3016 704 3060 urchus
718 3013 744 3060 in
758 3011 870 3060 Gracchis
882 3027 931 3076 pag.
945 3013 1002 3069 829.
1016 3013 1042 3059 ὃ(
1056 3018 1112 3076 Λγ-

83 3082 150 3141 tam]
173 3076 282 3146 Quidam
302 3081 343 3130 hie
356 3083 464 3142 cistellam
483 3081 528 3144 legi
541 3096 586 3129 vo·
610 3084 692 3145 pianes
707 3080 766 3129 Bell.
775 3082 828 3128 Cir.
842 3079 884 3128 lib.
899 3087 917 3130 l.
931 3096 981 3144 pag.
994 3087 1051 3138 609.
1064 3082 1111 3145 seq.

84 3149 149 3204 lunt,
169 3163 198 3196 ut
218 3150 245 3195 in
264 3150 316 3198 Lib.
331 3153 350 3199 1.
369 3146 399 3199 ad
417 3149 584 3207 Herennium
617 3155 654 3198 De
666 3147 740 3198 suella
752 3146 810 3197 tetd
824 3165 932 3199 veterum
949 3152 1002 3199 loca
1015 3150 1114 3213 collegit

85 3231 126 3266 aur
145 3217 199 3265 illic
217 3231 316 3282 quoque
336 3215 466 3282 legendum
479 3219 588 3280 strenam,
616 3221 690 3267 Hadr.
708 3221 823 3268 Turnebus
851 3215 947 3269 advexe
973 3219 1016 3266 lib.
1036 3235 1113 3268 xtrr.

85 3282 153 3353 quod
168 3286 244 3334 malo.
280 3289 411 3336 Lambinus.
557 3347 560 3355 Ι
614 3302 662 3350 cap.
686 3303 723 3346 ις.
758 3291 855 3336 Davies.

122 3351 186 3404 lbid.
206 3361 243 3402 De
254 3359 291 3403 M.
306 3359 399 3406 odevia
411 3353 542 3418 deferentem
556 3358 589 3418 fi·
651 3365 666 3404 6
686 3361 732 3404 Hoc
745 3359 802 3404 idem
810 3357 866 3418 fieri
878 3360 903 3405 in
917 3361 1056 3405 Deo-···ex
1071 3374 1114 3424 quo

83 3427 177 3484 tellam]
196 3427 234 3472 De
248 3421 333 3481 melli,
351 3429 377 3474 in
391 3441 464 3490 quam
483 3422 590 3489 suffragia
617 3427 657 3487 effe
675 3423 735 3473 beati
753 3439 823 3490 atque
843 3430 924 3475 aeterni
942 3429 1116 3490 intelligantur]

84 3492 294 3551 conficiebantur,
320 3498 415 3544 mentio
433 3493 466 3542 est
494 3497 521 3542 in
539 3495 590 3558 lege
621 3491 757 3559 Astngularl
771 3509 874 3544 numero
888 3492 1117 3554 adploralemttan·

84 3562 196 3617 servilia,
214 3563 284 3620 eujus
301 3579 382 3612 extant
399 3559 463 3628 apud
481 3563 591 3628 meleag-
620 3561 663 3612 stit.
699 3565 736 3612 Sic
754 3567 836 3616 Seneca
854 3561 883 3613 de
904 3561 1000 3613 Provid.
1018 3579 1068 3626 cap.
1091 3583 1115 3613 r..
1157 3621 1159 3626 ¹

85 3628 303 3694 mentuquaedam.
327 3639 436 3699 Eamque.
449 3633 590 3694 ferremere.
620 3635 719 3682 Miraris
731 3647 766 3688 ru,
785 3633 807 3692 fi
825 3637 890 3682 Deus
908 3635 1068 3682 illibatorum
1089 3649 1117 3678 a·

83 3704 148 3748 bace.
166 3703 219 3764 lege.
238 3714 347 3764 apertam.
365 3703 490 3770 brutioque.
508 3715 592 3766 aperto.
621 3701 966 3764 manriffimrrsun-fortrrnam
983 3703 1044 3754 illis,
1068 3694 1119 3748 erim

84 3771 200 3817 lintrem.
219 3770 316 3834 dipireir.
334 3785 442 3837 opertam.
457 3773 594 3835 patim...
623 3771 670 3836 quii
682 3786 825 3820 exerceantur
837 3771 943 3836 affigitur!
957 3775 1002 3836 Ego
1011 3763 1063 3818 vrri
1076 3785 1121 3816 nen

84 3839 171 3886 udat.
184 3839 307 3899 caule-ed.
317 3841 422 3899 firellam.
430 3839 499 3902 sorti.
512 3843 593 3888 verrio.
624 3843 705 3895 miron·
722 3841 745 3897 fi
760 3844 848 3905 quando
865 3844 972 3905 impetum
990 3837 1119 3886 currunt

82 3909 117 3958 it.
130 3909 163 3958 itt.
174 3923 235 3962 utri.
244 3907 350 3969 stellam.
361 3925 462 3967 manum.
475 3911 594 3962 demittite.
619 3911 735 3973 struendi
745 3913 912 3973 magassalus,
920 3908 1059 3958 collatioris
1072 3921 1123 3952 cum

351 4010 353 4014 ⁴
475 3974 477 3982 ’
1047 3977 1129 4042 aliqua
