2692 4486
207 308 237 404 =4

444 311 521 387 Du
561 310 812 387 Nnuunn
848 311 1101 386 Duorum

273 453 376 556 pius?
398 469 459 528 aut
472 451 563 551 quid
575 471 654 528 tam
665 455 918 544 temerarium,
927 471 1082 553 tamque
1092 451 1291 554 indignum

271 563 444 663 sapientis
456 565 636 660 gravitate
659 583 770 662 atque
783 563 1001 653 constantia,
1026 561 1214 662 qudrnaut
1227 565 1292 639 fal*

271 673 353 748 sum
364 670 781 774 sentire,aut,quodnon
789 673 872 750 satis
880 673 1068 776 explorate
1076 693 1292 773 perceptum

270 779 315 858 stt
337 787 374 859 δι
392 786 600 883 cognitum,
622 780 699 858 fine
719 785 795 861 ulla
813 783 1051 860 dubitatione
1071 771 1293 860 defendere?

269 893 387 969 Velut
412 895 453 968 in
478 893 548 971 hac
568 893 794 996 quaestione,
833 894 1001 995 plerique
1029 889 1147 990 (quod
1168 917 1294 969 maxu-

271 1026 334 1081 me
355 1005 435 1081 veri
457 1000 576 1082 simile
599 1005 660 1096 eli,
696 1011 762 1083 ¹&
785 1029 865 1106 quo
888 1025 1023 1082 ornnes
1044 1001 1139 1079 duee
1162 1022 1297 1081 natura·

1093 1111 1291 1218 vehimur)

299 1306 362 1360 lbid.
375 1311 442 1377 Qr'd
452 1311 510 1359 erim
523 1313 649 1360 temeritate
661 1315 764 1376 turpius]
796 1311 849 1360 nim
862 1312 898 1358 M.
909 1307 1006 1358 Tullius
1024 1310 1061 1356 uti
1080 1305 1198 1358 vocabulo
1209 1303 1295 1356 durio-

267 1381 361 1435 Ventri,
374 1381 468 1440 fortius,
482 1377 550 1444 quod
561 1377 622 1428 terte
636 1395 764 1445 congruere
798 1393 830 1435 re,
843 1393 882 1430 aut
896 1379 1009 1441 graviore,
1021 1389 1115 1441 propter
1125 1377 1228 1442 personae
1239 1373 1297 1441 dig-

268 1463 321 1496 non
339 1443 442 1497 videtur.
484 1448 596 1512 suspicari
620 1463 700 1498 tamen
722 1450 766 1505 ali·
796 1449 906 1495 nitatem.
942 1444 997 1510 Jam
1010 1445 1095 1506 fortem
1113 1445 1169 1511 saepi
1190 1445 1294 1506 usurpari

267 1518 322 1580 quis
346 1517 428 1579 polilt,
466 1519 492 1566 iu
516 1519 642 1582 archetypo
663 1519 765 1586 ,spurcius
797 1531 840 1578 pto
852 1531 890 1570 eo,
908 1518 950 1580 qui
962 1517 989 1562 in
1002 1513 1118 1562 sententia
1129 1528 1219 1569 manet,
1236 1510 1293 1561 &2

268 1579 345 1632 fuilse.
380 1591 531 1633 camerarios.
798 1585 899 1647 suscepta
917 1579 1164 1638 causanondeliliir,
1182 1577 1294 1630 sedeam

303 1648 366 1698 lbid.
383 1655 452 1721 Qid
462 1654 492 1712 est
503 1655 563 1700 enine
577 1657 704 1702 temeritate
717 1670 765 1704 tut-
795 1648 825 1700 ad
836 1667 970 1700 extremum
984 1665 1065 1699 tuetur
1077 1665 1103 1698 ac
1110 1645 1225 1704 defendit,
1232 1664 1295 1698 con-

268 1720 335 1782 pius']
352 1720 456 1768 Vellroe
470 1717 546 1768 modo
559 1718 696 1784 legendum,
717 1738 766 1787 quo
795 1719 845 1768 stat.
881 1722 1040 1768 SieHoratt‘rrs
1060 1718 1129 1782 Epist.
1153 1733 1192 1777 ις.
1210 1718 1253 1767 lib.
1272 1723 1294 1768 1.

269 1783 653 1848 modoconjecitwaeacias:
678 1793 733 1855 quia
745 1809 766 1837 e·
796 1785 858 1835 dixit
870 1805 904 1835 res
913 1802 1020 1853 paternas
1033 1787 1059 1838 o*
1073 1785 1294 1836 maternasfortitet

267 1859 316 1904 etim
328 1862 453 1906 temeritate
465 1853 567 1906 fedius?
586 1856 697 1924 vel,qar'd
707 1862 766 1906 em'm
794 1857 916 1918 absumtos.
950 1855 1033 1904 Versus
1046 1852 1186 1904 adscribam:
1202 1892 1205 1899 .

268 1928 394 1974 temeritate
411 1927 516 1990 turpius,
540 1929 695 1990 quantumvis
712 1927 768 1982 licet
829 1926 939 1979 Manias,
970 1937 998 1972 at
1014 1925 1077 1972 rebus
1100 1925 1208 1972 maternis
1226 1937 1296 1991 atque

269 1993 401 2042 reclament
415 1993 523 2049 Codices,
530 2009 591 2058 quos
604 1991 664 2050 vidi,
671 2011 765 2044 omnes.
858 1993 959 2056 paternis

268 2067 355 2125 Neque
369 2063 420 2110 haec
433 2065 544 2128 scriptura
555 2061 610 2111 letti
625 2064 677 2111 ullo
690 2059 766 2112 modo
830 2063 929 2108 Fortiter
939 2059 1057 2122 absumtis,
1068 2061 1166 2110 aerianus
1180 2063 1243 2128 erepit
1254 2065 1298 2126 hae

268 2129 354 2192 potest,
377 2130 494 2196 quicquid
512 2133 764 2180 comminiscantur&
862 2131 920 2184 herig
1148 2150 1150 2154 ¹

266 2197 387 2260 proferant
405 2196 503 2248 studiosi
518 2201 667 2264 antiquitatis
683 2202 764 2250 homi·
829 2198 915 2246 Scurra
927 2212 999 2261 vagus
1015 2197 1063 2245 δίε·
1150 2253 1153 2260 ,

267 2281 319 2320 nes,
337 2267 430 2329 ipseque
440 2265 499 2316 adeo
513 2271 642 2324 Turnebuse
660 2285 725 2324 nam,
739 2285 766 2317 ut
796 2261 979 2314 Ubidocuirnus
992 2268 1019 2313 in
1028 2269 1194 2314 commentat.
1200 2267 1296 2328 fhrtiter

267 2329 336 2382 idem
347 2335 404 2382 alibi
421 2333 514 2393 fatetur,
536 2339 605 2384 omni
619 2340 767 2402 antiquitatis
793 2330 1296 2399 abHoratioellepofitumtranssateprostre-

269 2399 323 2457 litu,
336 2405 396 2450 carie
409 2405 434 2452 dt
448 2420 543 2468 putrore
554 2409 676 2468 potentior
688 2405 720 2454 est
734 2422 768 2454 ra·
793 2399 849 2458 nul,
859 2400 967 2468 impigri,
981 2399 1087 2450 animose
1101 2405 1150 2453 &o
1163 2407 1296 2454 Lambinus.

268 2474 304 2518 tio
320 2473 344 2520 δι
359 2474 451 2520 veritas.
472 2477 523 2523 Fuit
535 2471 608 2538 pond
620 2472 712 2522 facilius
726 2471 767 2524 de·
830 2467 892 2519 lbid.
913 2473 978 2536 Qa'd
995 2471 1095 2532 trierim
1105 2474 1231 2521 temeritate
1244 2467 1298 2524 tur·

267 2555 361 2602 pravare
367 2545 455 2606 turpius
463 2543 489 2590 in
499 2543 673 2606 fortius,quam
682 2545 766 2604 fodias
792 2541 858 2602 pius]
873 2543 909 2588 Sic
922 2542 985 2590 olim
994 2535 1201 2601 deditdsceafimt
1219 2556 1297 2605 quam

268 2611 296 2655 in
310 2610 405 2669 fortius.
441 2616 505 2660 Nam
516 2611 623 2674 exempli
640 2614 718 2674 gratia,
737 2628 766 2660 ex
795 2607 924 2657 ledionem
939 2623 1010 2657 raram
1030 2608 1121 2656 faciunt
1133 2611 1184 2657 Pal.
1198 2623 1255 2660 terr.
1269 2614 1296 2660 δε

264 2681 355 2742 turpius
369 2676 454 2728 fadum
474 2679 506 2728 est
518 2680 625 2744 primum
638 2683 733 2744 turpius,
750 2698 766 2728 o
796 2678 881 2737 Elieas.
898 2691 1027 2740 ptaeterque
1046 2676 1129 2724 locum
1148 2675 1164 2726 ri
1183 2681 1297 2728 Lambine

266 2760 311 2810 pro
326 2761 356 2794 u:
381 2743 469 2796 deinde
481 2765 509 2798 ex
529 2752 624 2812 torpias,
647 2752 766 2804 territent
793 2743 915 2801 adlatum,
939 2741 1024 2794 fimilit
1050 2743 1121 2793 exstat
1139 2745 1198 2794 alter
1218 2745 1295 2798 Acad.

266 2829 345 2878 prop.
359 2815 418 2864 hinc
427 2818 522 2876 sortitas.
557 2821 638 2866 Meam
650 2832 730 2866 autem
745 2835 768 2867 e·
794 2813 881 2882 Qraell.
897 2813 939 2862 lib.
947 2819 967 2864 1.
981 2828 1029 2876 cap.
1043 2828 1080 2862 12.
1099 2817 1229 2864 Temeritas
1243 2832 1297 2866 tum

268 2879 452 2934 mendationtm
479 2883 617 2936 confirmat,
628 2883 767 2934 fimillinrus
793 2886 842 2944 effet
855 2883 954 2946 infigatis,
971 2877 1022 2930 etim
1034 2895 1076 2930 aret
1084 2882 1154 2943 falsa,
1166 2897 1208 2932 aar
1220 2887 1297 2948 incog-

268 2951 336 2998 locus
354 2954 380 2998 in
399 2953 442 3001 lib.
465 2959 484 3002 1.
504 2951 535 3003 de
559 2956 643 3002 Divin.
667 2951 714 3002 feti
739 2958 765 3003 in
793 2956 843 3000 nita
857 2969 890 3000 ret
904 2954 1077 3015 approbantem
1095 2956 1298 3018 nequehoequie-

267 3021 394 3082 principio.
431 3021 481 3069 lbi:
499 3025 765 3072 namcumomm‘basin
792 3020 1064 3086 qaamefflt'rurearua,
1087 3019 1157 3086 quaint
1177 3027 1300 3086 cognitioni

268 3089 332 3137 relus
346 3091 459 3138 temeritas
472 3094 495 3140 t'n
515 3092 646 3153 affentiendo
659 3109 765 3157 errorque
794 3091 820 3143 dt
841 3092 977 3154 perceptioni
1006 3085 1158 3138 assertionem
1189 3091 1298 3147 (malim

267 3157 342 3218 turpis
355 3157 391 3218 est,
413 3171 463 3205 tum
474 3163 497 3207 in
511 3180 534 3208 eo
547 3165 591 3208 loco
605 3162 703 3207 maxime·
716 3163 764 3210 &o
793 3173 851 3205 cum
862 3160 962 3206 Tarnebo
977 3161 1199 3212 Attanstonau)
1215 3173 1300 3224 appra-

266 3220 343 3286 Quod
360 3239 440 3274 aurern
452 3223 548 3290 ainaldi
564 3225 673 3291 quidam,
691 3244 764 3294 quem
795 3229 949 3292 latioremque
965 3240 1106 3291 proterrere.
1143 3229 1232 3276 Pariter
1249 3228 1297 3278 lib.

268 3295 396 3341 nominare
409 3309 453 3342 nec
465 3294 525 3342 volo
538 3291 695 3360 ne'cpoll‘um,
715 3297 766 3358 far·
796 3309 836 3345 tv.
855 3309 904 3359 cap.
918 3311 958 3344 ao.
982 3300 1027 3342 Pro
1040 3297 1102 3343 veris
1119 3301 1213 3359 prebere
1228 3296 1299 3359 falsa

268 3363 299 3409 tie
321 3375 414 3410 nornen
435 3361 465 3410 fic
483 3363 531 3410 hoc
543 3364 599 3412 loro
612 3366 685 3427 arcipi
699 3359 772 3421 dicits
796 3377 1001 3414 runmssruuu
1016 3363 1053 3424 est.
1079 3359 1172 3412 Vide&
1186 3379 1235 3427 cap.
1254 3374 1296 3425 36.

268 3443 297 3474 ut
315 3426 378 3492 apud
394 3433 431 3478 M·
451 3433 553 3480 Tulliam
571 3449 613 3496 pro
634 3436 764 3500 Qrindio:
794 3435 864 3496 ang.
873 3433 982 3493 sortiere·
1000 3428 1015 3479 :l
1034 3430 1217 3496 cujuspattibus
1230 3432 1298 3484 stant

269 3497 317 3552 lbi,
334 3499 461 3553 Dolabella,
479 3512 505 3547 tat
522 3505 619 3549 hemines
631 3503 711 3549 nobiles
726 3506 763 3564 so
793 3506 867 3550 Hadr.
879 3502 993 3548 Turnebus
1010 3495 1108 3550 Advets.
1129 3515 1248 3561 x1.V‚14.
1267 3505 1298 3562 J.

266 3567 364 3613 tenen--
372 3567 484 3626 injuriam
491 3569 567 3628 facere
577 3567 702 3618 fortiffime
713 3585 763 3634 per-
792 3575 923 3624 miratae,
934 3577 1061 3632 (quemmt
1073 3565 1098 3617 id
1112 3570 1190 3619 obiter
1202 3567 1300 3629 dicam,

265 3633 357 3696 severat
376 3635 423 3682 &o
448 3651 485 3686 nae
510 3638 553 3686 ille
572 3634 640 3687 valde
657 3639 761 3695 lallirutg
792 3633 1298 3699 diogiaenomioedenotarLambieer)dc

267 3716 340 3757 nam,
366 3699 429 3766 apud
446 3709 481 3752 M.
500 3707 626 3762 Tullium,
651 3705 765 3768 forreffim
790 3704 1299 3768 J.Gruterm.Hivoluntfhrtiashicidem

265 3769 511 3836 perseverat,politum
524 3773 556 3822 est
568 3790 611 3838 pro
622 3775 762 3838 constanttffi-
791 3771 845 3828 elle,
853 3773 922 3838 quod
934 3772 1301 3831 intonlidtratiuuvehementi·

262 3837 299 3888 me*
312 3841 340 3894 (r
353 3840 460 3893 acerrime*
469 3844 604 3908 perseverat.
639 3843 727 3894 Noluit
739 3861 763 3896 e·
796 3859 823 3894 us
835 3847 1048 3910 autlmpoteotltts.
1067 3840 1302 3903 Vettlmlicetcon·

1176 3923 1295 3982 cedamus
