2662 4486
237 261 314 340 t46
472 247 549 320 Du
582 243 829 350 Nntuna
863 243 1121 322 Duonunt

230 391 328 472 ordo
356 381 490 470 eorurn
519 410 630 492 atque
657 390 884 467 constantia:
925 389 1021 466 nihil
1049 390 1099 468 est
1139 395 1262 490 eninr1

232 505 337 604 quod
362 506 508 580 tatione
530 507 568 578 &
589 519 750 578 numero
774 503 920 578 moveri
943 495 1057 604 poffit
1072 498 1148 578 fine
1173 529 1267 580 con-

234 613 340 702 fili03
367 618 510 714 inquo
536 611 632 687 nihil
659 612 707 688 est
730 615 984 703 temerarium,
999 613 1267 704 nihilvariunn

234 726 330 802 nihil
369 725 583 801 fortuitum.
649 723 759 800 Ordo
797 743 923 800 autem
957 719 1118 800 fiderunt
1158 731 1198 802 ὃ(
1227 729 1267 800 in

234 840 345 933 omni
392 838 609 911 aeternitate
658 832 863 911 constantia
913 857 1038 934 neque
1094 857 1268 913 naturam

238 943 440 1048 significan
476 945 545 1022 'est
572 949 677 1021 enint
704 947 814 1047 plena
841 948 1019 1022 rationis:
1047 971 1173 1046 neque
1197 947 1269 1023 fot-

239 1077 385 1149 tunam,
412 1081 507 1156 quae
527 1059 646 1133 amica
658 1059 825 1131 varietati
848 1057 1097 1138 constantiam
1118 1055 1266 1160 respuit.

243 1169 420 1269 Sequitur
444 1193 547 1270 ergo,
574 1186 617 1244 ut
643 1164 719 1268 ipsa
744 1165 807 1242 sua
832 1163 976 1267 sponte,
1005 1165 1073 1244 suo
1101 1166 1210 1244 sensu
1231 1193 1271 1245 ac

242 1280 438 1356 divinitate
475 1297 712 1355 moveantur.
779 1279 864 1353 Nec
908 1272 999 1354 vero
1053 1279 1272 1362 Aristoteles

245 1403 326 1468 non
354 1389 560 1467 laudandus
578 1391 620 1464 in
654 1411 714 1480 e0‚
749 1379 876 1487 ²quod
903 1391 1034 1465 omnia
1061 1414 1158 1490 quae
1192 1415 1273 1466 mo-

244 1515 392 1593 ventur,
420 1520 482 1577 aut
510 1519 642 1576 natura
668 1502 816 1577 moveri
844 1499 1000 1591 censuit,
1042 1519 1106 1576 aut
1132 1505 1181 1582 vi,
1212 1522 1272 1577 aut

242 1613 460 1689 voluntate:
490 1613 636 1686 moveri
673 1629 799 1686 autem
827 1608 959 1702 solem,
987 1614 1025 1689 &
1051 1612 1197 1704 lunam,
1237 1618 1273 1690 δι

137 1739 140 1744 ·
245 1717 359 1798 sidera
386 1723 544 1797 omnia:
571 1744 668 1819 quae
704 1739 830 1796 autent
857 1739 989 1798 natura
1015 1743 1272 1814 moverentur,

246 1829 338 1912 haec
365 1853 427 1912 aut
448 1831 616 1935 pondere
643 1829 831 1934 deorfiun,
859 1851 922 1908 aut
949 1834 1101 1909 levitate
1127 1836 1171 1909 in
1196 1833 1298 1928 sub-¹

1185 1947 1274 2022 lime

288 2117 296 2149 t
319 2101 357 2161 Esl
368 2104 428 2151 enim
446 2100 516 2166 plena
527 2093 743 2160 rationiqvidetut
772 2111 845 2162 quant
858 2113 887 2145 ex
900 2098 939 2152 iis,
956 2109 1010 2164 quat
1024 2093 1087 2146 infra
1102 2093 1225 2155 dicuntur,
1238 2102 1286 2148 irs-i

251 2166 390 2232 legendum,
413 2171 443 2230 est
460 2174 518 2216 enim
538 2173 653 2216 litteteras
672 2170 742 2216 ratio·
774 2165 880 2230 telligete
893 2166 994 2222 licet‚ex
1002 2172 1142 2216 Stoicorum
1150 2167 1272 2223 sententia,

250 2241 296 2292 nis,
314 2253 374 2292 non,
392 2252 419 2284 ut
437 2236 469 2284 est
490 2240 515 2283 in
534 2237 600 2284 libris
620 2235 744 2290 omnibus,
776 2249 883 2282 naturam
905 2231 949 2282 effe
962 2237 1013 2284 vim
1034 2232 1159 2299 quandam
1179 2234 1276 2285 ordina-

251 2305 281 2363 est
293 2308 351 2351 enim
368 2309 468 2357 Ptunn
486 2307 592 2352 rationis.
611 2311 664 2352 Hoc
677 2305 744 2350 enim
776 2318 824 2350 tam
836 2305 860 2350 &
871 2305 961 2351 ratione
974 2301 1181 2367 progredientem
1200 2308 1225 2353 ὅ(
1239 2309 1277 2354 in·

253 2370 411 2435 fignificatM.
425 2374 523 2425 Tullius,
542 2387 571 2419 ex
583 2369 669 2419 ordine
688 2368 746 2418 fide·
776 2371 856 2426 serius,
880 2369 994 2433 plane'ac
1013 2370 1098 2421 diserte
1117 2369 1178 2420 dicit
1199 2378 1278 2430 Cotta.

255 2457 318 2496 tum,
337 2444 361 2489 δε
376 2439 508 2489 constantia
521 2441 639 2502 aequabili,
658 2442 681 2487 δι
697 2455 748 2502 per·
776 2455 884 2487 naturam
906 2455 958 2488 non
971 2439 1016 2488 elle
1030 2443 1129 2489 tationis
1149 2457 1275 2506 expertem.

254 2526 337 2572 petua,
362 2509 431 2558 facile
459 2509 562 2572 intelligi
582 2506 652 2572 polle,
677 2505 750 2556 siden
779 2511 911 2556 Lambinus.
1085 2553 1088 2560 ,

255 2583 320 2628 Deos
335 2576 387 2628 else.
424 2583 487 2626 Nam
508 2575 592 2641 liquis
610 2575 674 2626 dicat
692 2591 747 2624 eum
802 2574 874 2634 rud.
894 2585 970 2644 Neque
990 2592 1098 2626 naturam
1113 2579 1234 2644 fignificat,
1251 2577 1279 2640 'est

256 2647 376 2702 ordinem,
397 2663 497 2711 eamque
511 2646 668 2696 constantiam
683 2659 750 2692 naru-
778 2649 838 2692 enim
851 2645 1041 2709 plenarationis]
1059 2655 1092 2695 D.
1107 2653 1232 2696 Lambinus
1246 2664 1280 2695 te·

255 2718 416 2770 iactantiam
436 2731 518 2764 natura
531 2713 564 2762 tss
576 2710 695 2782 oinopnid
710 2713 749 2767 est,
779 2715 855 2776 ponit,
874 2715 903 2775 est
916 2718 973 2762 enim
988 2731 1068 2780 expers
1083 2719 1195 2770 rationiss
1211 2716 1279 2764 &ob

258 2789 356 2835 rationis
374 2799 468 2849 expers:
488 2788 512 2832 ὅ(
522 2797 677 2847 opponuntur
689 2785 752 2830 inter
780 2783 841 2828 hane
854 2785 1014 2840 conjefiutam
1030 2786 1051 2833 ei
1059 2801 1109 2834 non
1118 2788 1220 2849 ignoscit
1227 2787 1279 2846 Η.

255 2857 277 2903 le
296 2871 377 2904 natura
390 2858 414 2902 ἃ*
429 2857 496 2907 tatio,
515 2868 542 2900 ut
561 2865 616 2899 curn
639 2847 761 2905 dicimus»
774 2835 910 2898 'Gronovius
925 2852 1023 2901 Obiere.
1037 2853 1080 2900 lib.
1093 2859 1124 2902 ll.
1139 2870 1188 2917 cap.
1205 2873 1227 2903 2.
1241 2855 1283 2901 ubi

258 2927 306 2970 alia
316 2926 370 2985 fieri
385 2925 533 2978 rationalia
546 2922 693 2972 »saturnalia
700 2921 751 2980 for·
783 2934 874 2974 incuset,
887 2921 1112 2970 vcthaultirnanon
1125 2919 1283 2978 adacturum,

257 3007 321 3048 tutia.
335 2996 382 3041 alia
396 2995 442 3039 &c
457 2989 539 3055 siquis
553 3005 580 3036 ex
599 2989 670 3036 altera
681 3003 753 3050 patre,
782 2983 821 3034 sed
841 2984 870 3034 ad
890 2990 1036 3049 constantiam
1061 2989 1131 3039 fuiil'e
1153 2990 1282 3041 referenda.

260 3059 356 3108 fortuna
376 3059 425 3108 fieti
443 3056 582 3112 contendat,
605 3056 702 3104 fortuna
720 3056 752 3104 est
783 3053 852 3103 uene
872 3055 970 3119 quidem
993 3061 1018 3106 ὃς
1039 3061 1107 3115 νοῐὲς
1127 3076 1172 3108 nec
1192 3063 1232 3109 hic
1250 3077 1285 3108 ta·

262 3129 398 3177 inconstans
414 3129 438 3175 δε
452 3131 521 3174 varia,
559 3131 620 3172 Cum
636 3128 708 3188 igitur
726 3123 753 3172 st-
784 3139 848 3177 men,
858 3140 901 3170 nec
914 3125 1015 3174 illesatis
1030 3123 1283 3194 videnturpctcepille‚

261 3193 315 3244 deta
334 3214 381 3245 tans
402 3193 509 3243 ordinate
529 3197 553 3242 δι
574 3192 708 3242 constanter
727 3195 755 3242 ab
785 3208 836 3258 quae
851 3191 921 3240 fuerit
935 3197 1073 3244 Stoicorum
1089 3193 1120 3245 de
1133 3199 1222 3246 natura'
1237 3199 1286 3248 sen·

261 3269 390 3313 ntetnieate
409 3278 558 3319 moveantur,
582 3257 655 3326 idque
680 3278 757 3326 neque
785 3263 868 3310 tentia.
889 3263 919 3309 Hi
933 3265 1001 3310 enirn
1013 3280 1137 3328 perpetuo,
1159 3281 1216 3316 curn
1234 3285 1287 3325 ςωι·

263 3347 353 3388 nnmra,
372 3348 450 3394 neque
464 3327 618 3380 lortunafieti
630 3331 705 3392 poffit,
715 3334 755 3378 Dii
786 3328 830 3378 mie
844 3329 986 3393 loquuntur,
1000 3325 1108 3381 naturaie
1124 3331 1169 3383 else
1183 3335 1287 3385 statuunt

265 3399 310 3448 sint
333 3395 421 3450 necess'e
440 3398 479 3448 etl.
516 3406 599 3448 Manet
622 3399 758 3461 scrupulus:
786 3414 834 3442 vim
851 3401 984 3463 participem
1003 3395 1288 3469 rati'snisatqueordinis.

267 3485 322 3516 nam
338 3471 472 3530 unifinelaes
486 3469 573 3532 ubique
586 3481 692 3514 naturam
702 3464 761 3514 dicit
788 3463 848 3512 Vide
862 3463 889 3512 fis
902 3467 999 3526 hujusce
1012 3471 1068 3519 libri
1082 3488 1147 3534 capp.
1156 3477 1291 3529 xnxxtt,

253 3535 311 3585 elle
325 3537 459 3588 ordinatam
475 3539 500 3586 ὅ(
514 3533 648 3590 definitam,
660 3537 707 3583 hoc
720 3535 759 3590 eli,
789 3549 814 3580 ac
829 3535 886 3595 Just.
901 3538 999 3600 Lipfium
1016 3539 1086 3602 Phys.
1108 3545 1195 3590 Stoice
1209 3543 1251 3590 lib.
1267 3547 1286 3590 1.

266 3605 405 3670 amirrilias
416 3607 440 3651 &e
456 3602 627 3665 aigreffilwmt
639 3600 760 3651 fortunam
791 3599 850 3650 Dtss'.
873 3619 892 3662 5,
901 3611 924 3652 6.
944 3609 997 3654 Hoc
1010 3609 1084 3670 igitur
1096 3611 1121 3658 in
1136 3611 1195 3660 loco
1204 3611 1292 3658 Lucili·

264 3669 388 3719 diuinet·
403 3670 500 3730 dignm.
519 3665 762 3729 Relpondebiniusita
792 3686 818 3717 us
841 3672 963 3734 vulgarem
985 3675 1125 3726 sermonem
1140 3679 1203 3728 forte
1216 3681 1290 3744 sequi-

268 3737 390 3793 Aristoteli
410 3733 499 3790 videti3
520 3736 582 3782 secus
603 3742 703 3793 Zenoni,
721 3757 758 3788 cu·
793 3754 838 3791 tut,
855 3743 971 3803 quivere
984 3760 1078 3800 nature,
1096 3750 1294 3798 statutalemcof.

269 3806 306 3865 jus
320 3805 358 3852 hic
373 3807 475 3854 tationes
489 3805 642 3869 explicantur.
669 3815 761 3874 Qtam·
792 3823 878 3870 porum
894 3825 1020 3862 motorum
1033 3812 1295 3884 fignificatimperum:

627 3903 629 3909 ⁴
1204 3899 1289 3952 quem-
