2636 4478
160 245 239 316 aso
392 222 470 300 Dr:
509 219 763 298 Narona
798 211 1055 292 Danaum

193 362 416 452 turbaverat,
442 351 576 462 postea,
612 351 701 436 cum
728 355 897 436 vidiffent
920 375 1052 435 motus
1083 356 1163 448 ejus
1185 347 1234 431 fi·

195 477 297 556 nitos
332 477 370 549 &
403 469 623 570 aequabiles
661 470 868 568 omniaque
899 469 986 547 ratis
1022 467 1233 546 ordinibus

197 584 392 664 moderata
423 580 712 679 inmutabilique
742 577 973 662 constantia,
1010 578 1236 680 intelligere

198 693 311 774 ineffe
345 693 509 792 ahquem
533 714 616 766 non
645 682 770 766 solum
802 689 1056 768 habitatorem
1081 691 1126 766 in
1160 691 1237 768 hac
1296 685 1297 778 ξ

200 803 341 886 caelesti
368 825 411 880 ac
432 803 559 880 divina
577 801 711 893 domo,
751 798 813 877 sed
837 803 950 876 ctiam
972 803 1165 879 restorem
1192 806 1238 878 δε

201 913 480 994 moderatorem
528 917 567 990 δι
610 931 804 1012 tamquam
846 909 1091 990 architectum
1134 914 1236 990 tanti

145 1028 328 1130 Jooperis
349 1027 522 1124 tantique
544 1025 723 1100 muneris.
778 1024 895 1099 Nunc
916 1042 1043 1100 autem
1060 1022 1160 1101 mihi
1179 1026 1240 1098 vi·

204 1139 341 1215 dentur
361 1159 409 1211 nc
442 1133 612 1238 suspicari
644 1134 811 1233 quidem,
837 1153 977 1233 quanta
1007 1130 1051 1210 srt
1074 1127 1240 1211 admira-³

205 1250 327 1327 bilitas
349 1246 558 1324 caelestium
585 1268 711 1321 rerum
729 1264 841 1346 atque
854 1245 1103 1330 terrestrium.
1134 1249 1238 1325 Prin-

207 1361 310 1462 cipio
329 1359 433 1434 enim
454 1378 553 1434 terta
570 1351 634 1433 sua
657 1357 698 1430 in
724 1356 847 1433 media
865 1373 968 1458 parte
988 1357 1143 1448 mundi,
1169 1361 1238 1434 cir·

208 1467 378 1549 cumfusa
400 1469 567 1568 undique
589 1465 638 1544 est
672 1465 762 1544 ¹hac
786 1468 978 1543 animabili
997 1467 1240 1570 spirabilique

211 1599 354 1660 natura,
381 1584 442 1654 cui
467 1602 613 1654 nomen
639 1577 690 1654 est
710 1581 780 1653 aer.
836 1575 1023 1656 Graecum
1049 1579 1242 1679 illudqui-

210 1691 311 1770 dem,
338 1684 402 1764 scd
432 1706 649 1792 perceptum
680 1691 756 1781 jam
791 1705 920 1765 tamen
943 1691 1010 1765 usu
1032 1683 1053 1766 a
1081 1691 1239 1766 nostris:

211 1803 346 1880 tritum
370 1798 420 1876 est
444 1800 549 1875 cnim
575 1821 645 1900 pro
670 1798 821 1874 Latino
875 1802 988 1877 Hunc
1014 1800 1143 1877 rursus
1169 1824 1244 1876 am·

213 1913 386 2016 plectitur
405 1907 597 1987 inmensus
618 1909 755 2000 aether,
782 1911 848 2010 qui
871 1911 1013 1987 constat
1042 1937 1088 1988 ex
1119 1902 1246 1988 altiffi·

215 2027 289 2100 mis
319 2023 478 2122 ignibus.
532 2023 754 2098 Mutuemut
785 2019 861 2099 hoc
894 2045 1050 2122 quoquc
1074 2025 1244 2104 verbum,
1296 2077 1297 2080 κ

215 2136 437 2232 dicaturque
461 2153 538 2211 tam
562 2125 687 2208 aether
707 2123 855 2224 Latinb‚
868 2157 983 2234 quam
1007 2135 1154 2210 dicitur
1165 2138 1247 2209 alr:

220 2237 286 2320 etii
308 2245 573 2344 interpretatur
596 2245 800 2330 Pacuvius3
1240 2307 1243 2311 .

280 2359 373 2425 ²Hac
405 2351 494 2460 quod
518 2377 672 2435 memoro,
699 2349 803 2456 nostri
836 2354 982 2448 casum,
1008 2357 1118 2464 Graji
1134 2349 1251 2466 perbi-

328 2455 410 2536 bent
433 2455 590 2538 aethera.

223 2567 451 2682 quasivero
476 2599 559 2652 non
597 2573 727 2672 Grajus
758 2575 834 2653 hoc
861 2578 970 2655 dicat.
1027 2577 1086 2655 At
1118 2571 1251 2656 Latinb

225 2687 408 2787 loquitur.
465 2685 656 2793 Siquidem
683 2711 754 2765 nos
784 2711 867 2764 non
902 2684 1004 2788 quast
1030 2685 1178 2768 Graccb
1199 2692 1252 2765 lo-

225 2818 408 2900 quentem
431 2799 633 2875 audiamus.
659 2799 785 2880 Docet
806 2798 908 2874 idem
937 2801 1012 2875 alio
1032 2801 1152 2878 loco:

161 2912 167 2925 '
284 2915 510 3018 ³ijragena
529 2907 570 2986 de
589 2903 650 3013 asto
667 2910 781 3018 aperit
801 2903 880 3020 ipfh
902 2909 1021 2984 oratio.

590 3016 593 3020 ’
1189 3015 1255 3100 Sed

267 3170 277 3202 a
290 3159 341 3203 Hac
347 3157 466 3204 animabili
471 3153 639 3223 spirabib'qaff
648 3149 725 3211 idem,
791 3173 804 3205 2
824 3158 873 3203 Hoc
885 3157 946 3222 quod
964 3170 1061 3202 memora
1081 3156 1131 3202 brt.
1140 3163 1161 3218 ]¹
1177 3153 1256 3203 Versus

231 3237 305 3288 quem
325 3223 390 3286 supra
409 3227 725 3286 commemoravi,·Jum'us
756 3223 788 3273 est
812 3225 967 3278 Trocha'icus‚
985 3220 1053 3287 quod
1077 3220 1136 3272 ideo
1157 3237 1253 3274 moneo·

231 3307 260 3340 ex
273 3293 343 3339 Proba
358 3293 414 3355 legit
433 3298 537 3343 animali.
558 3291 654 3343 Contra
674 3298 727 3342 Sar·
757 3297 813 3359 quia
827 3298 875 3341 Per.
888 3296 1051 3357 Lescaloperius
1072 3292 1094 3340 se
1109 3297 1206 3358 nequiit
1216 3305 1254 3340 er·

231 3363 284 3408 vim
298 3357 360 3420 apud
376 3365 492 3424 Virgilium
505 3360 536 3412 ad
549 3365 622 3412 illum
644 3363 727 3412 locum
756 3360 843 3428 pedire.
861 3360 901 3410 sed
914 3362 1014 3410 iambici
1027 3364 1144 3410 carminis
1158 3363 1253 3426 speciem

232 3428 273 3480 lib.
296 3432 343 3476 111.
360 3427 453 3478 AEneid.
468 3447 509 3496 per
529 3437 569 3482 hoc
587 3434 634 3481 cali
646 3433 729 3496 spira·
758 3435 797 3483 laic
816 3431 921 3496 adparere
939 3431 1078 3479 somniavit.
1124 3437 1199 3480 Hunc
1219 3437 1253 3477 aut

231 3497 276 3545 lile
289 3497 372 3551 lamen,
387 3498 444 3561 legit
452 3501 592 3564 spiritaliter
617 3497 728 3547 ficenim
757 3504 814 3551 huic
827 3497 973 3567 persimilem
996 3501 1098 3548 Pacuuii
1115 3499 1202 3549 locum
1220 3494 1256 3547 ad·

232 3564 292 3616 illes
311 3570 478 3624 sarnaarrr,
495 3569 667 3630 idem-aiulo,
684 3583 728 3631 quo
758 3568 824 3618 ducit
851 3576 920 3621 Varro
947 3572 974 3616 1..
994 3567 1254 3636 l..lib.1v.pag.ssa

228 3635 358 3700 spiramus
389 3636 415 3687 dr
441 3637 470 3694 all
500 3637 571 3700 serm
606 3637 728 3691 Ciceroniu
758 3641 853 3688 navias,

232 3719 370 3769 qumquam
381 3705 423 3752 alle
433 3702 730 3769 dlxr'tspiritabileinlae'brr'a
801 3725 810 3766 3
829 3712 963 3770 Grajagena
979 3707 1006 3754 da
1023 3705 1062 3765 isto
1081 3709 1157 3770 aperit
1173 3708 1221 3774 ipsa
1236 3721 1260 3750 aa

232 3777 259 3824 de
271 3788 356 3830 amara
368 3779 479 3845 Deorum.
517 3772 655 3830 Lambinus.
765 3775 837 3842 raaia]
856 3783 885 3828 ln
897 3771 1256 3844 allaetantumnpequaa

837 3870 842 3880 ·
1177 3845 1257 3910 legitur
