2654 4482
277 241 280 248 ·
342 205 589 293 Ltunre
629 213 694 306 ·11,
754 199 818 306 57.
1065 237 1160 316 ,239

1 397 29 445 :
68 351 325 444 molliss'tmae
345 361 458 452 tastu,
480 384 529 437 ne
553 358 743 439 laederent
766 362 900 451 aciem,
928 352 1118 462 aptissime

15 511 29 557 ς
70 466 198 546 ranae
225 474 265 548 ὅ(
288 471 336 548 ad
359 471 583 549 claudendas
609 472 789 574 pupulas,
826 494 877 548 ne
901 471 995 571 quid
1022 465 1115 550 inci·

2 621 30 670 ;;
70 578 196 672 deret,
237 586 275 659 δι
298 583 345 659 ad
368 581 605 684 aperiendas:
640 580 766 686 idque
790 581 978 684 providit,
1015 600 1058 660 ut
1084 584 1116 660 i·

4 735 15 781 2
71 689 273 769 dentidem
310 691 392 770 fieti
425 691 544 795 potiet
577 715 665 769 cum
704 716 880 770 maxuma
913 693 1113 772 celeritate.

1 845 27 894 :
78 804 94 850 r
115 801 370 903 Munitaeque
390 799 478 880 sunt
497 803 693 908 palpebrae
719 803 1038 904 tamquamvvallo
1058 807 1114 907 pi·

2 995 4 1004 ,
71 911 230 990 lorum:
267 913 417 1013 quibus,
458 918 496 991 δι
520 915 655 1016 apertis
679 913 812 1005 oeulis,
851 911 993 1016 siquid
1017 916 1112 993 inci·

12 1071 24 1115 :
72 1021 195 1116 deret,
232 1024 497 1125 repelleretur;
546 1023 755 1102 &somno
790 1027 1109 1122 conniventibus,

11 1181 22 1228 .-
72 1125 166 1210 eirm
190 1133 312 1216 oeulis
336 1135 382 1212 ad
407 1135 644 1213 cernendum
676 1157 760 1212 non
789 1159 997 1238 egeremus,
1028 1129 1110 1216 ‘ut

1 1299 19 1341 ¹.
71 1247 165 1343 qui,
203 1264 399 1345 tamquam
431 1246 619 1327 involuti,
659 1244 904 1347 quiescerent,
967 1246 1107 1326 Latent

1 1407 15 1453 3
70 1374 263 1456 praeterea
287 1356 441 1448 utiliter,
464 1352 660 1434 &excellis
680 1357 849 1456 undique
868 1355 1033 1460 partibus
1051 1357 1106 1436 se·

1 1515 16 1564 .
69 1468 242 1567 piuntur.
279 1461 451 1546 Primum
471 1470 576 1544 enim
596 1465 795 1568 superiora,
815 1465 1018 1571 superciliis
1036 1469 1106 1546 ob-

1 1629 14 1676 Ξ
69 1577 196 1668 dueta,
237 1574 413 1655 sudorem
434 1573 456 1655 d
479 1579 601 1679 capite
621 1582 659 1654 ὅ(
679 1574 701 1655 d
724 1578 852 1656 fronte
873 1579 1105 1658 defluentem

2 1739 15 1786 :
69 1687 270 1790 repellunt.
326 1687 458 1774 Genae
479 1688 615 1765 deinde
640 1689 890 1778 abinferiore
914 1709 1019 1794 parte
1044 1711 1104 1793 tu-

2 1853 13 1900 .
52 1817 200 1876 tantur
238 1795 420 1892 subjectae
459 1798 667 1899 leviterque
691 1803 915 1879 eminentes.
980 1801 1109 1882 Nasus

2 1963 13 2010 ;
68 1913 124 1986 ita
159 1911 304 1990 locatus
334 1910 405 1993 est,
444 1928 486 1988 ut
520 1905 621 2011 quast
661 1935 789 1988 murus
827 1911 948 1988 oeulis
986 1914 1101 1989 inter·
1174 1959 1176 1962 -

67 2021 185 2116 iedlus
210 2020 281 2098 effe
307 2020 485 2101 videatur.
540 2020 706 2098 Auditus
725 2039 852 2099 autem
870 2020 1015 2124 semper
1039 2047 1101 2125 pa-

66 2150 123 2212 ret
135 2164 147 2220 ;
207 2133 285 2226 ejus
323 2133 427 2209 enim
466 2129 573 2210 sensu
602 2135 716 2208 etiam
752 2131 984 2210 dormientes
1018 2158 1101 2236 ege-

1 2297 7 2333 ,-
64 2267 177 2320 mus:
220 2235 242 2319 d
277 2265 357 2342 quo
395 2237 484 2323 eum
516 2240 630 2321 sonus
667 2243 717 2332 esi
751 2262 943 2345 acceptus,
983 2247 1099 2324 etiam

1 2408 7 2457 3
66 2349 89 2431 ὲ
114 2352 255 2432 somno
281 2356 495 2437 excitamur.
555 2353 779 2434 Flexuosum
805 2356 875 2432 iter
895 2353 1021 2448 habet,
1048 2381 1099 2436 ne

1005 2469 1098 2568 quid

1 2700 6 2727 p
62 2661 137 2727 uipnr.
151 2664 248 2726 nigrum
261 2664 288 2712 in
301 2662 383 2712 oculo.
420 2667 567 2715 Camerarius.
634 2663 806 2726 rMunituque
819 2663 1095 2728 palprlru··-·quirscr-

2 2772 3 2796 2
59 2771 63 2778 .
98 2747 118 2788 4
135 2733 450 2798 Palpelruquen-celeritute.
485 2738 567 2784 Muni-
595 2737 656 2816 rent]
670 2737 738 2780 Haut
750 2729 808 2796 p'irrrr
822 2732 985 2811 in‘Otigiunm
999 2732 1096 2781 suatum

1 2840 5 2867 ²
63 2811 135 2916 itt:
147 2802 566 2934 st'.‚t“t‘.⁶ti..i.²lltl⁸ri
596 2802 785 2928 illiniti·
801 2797 1097 2932 iratissimis&

64 2933 88 2982 la
105 2933 275 2994 distinetione,
298 2943 381 3002 partim
403 2940 564 2990 librariorum
594 2937 732 3002 particulam
750 2932 814 3000 quast
833 2951 862 2984 ex
876 2936 919 2984 lib.
933 2940 967 3005 ΙΙ.
984 2931 1014 2985 de
1027 2941 1093 2987 Orat.

63 3009 177 3066 pravitate
191 3021 326 3056 temeratus.
368 3013 431 3071 Lego
452 3011 476 3058 δε
492 3012 564 3059 inter·
594 3005 672 3057 laudat
683 3007 771 3054 Nonius
784 3005 811 3051 in
827 3007 965 3069 palpebram.
994 3008 1094 3054 Lirim

2 3113 3 3128 2
62 3087 161 3138 pungo:
187 3078 348 3142 Palpebruqur,
367 3085 432 3141 (qua
446 3079 502 3138 sunt
519 3093 565 3144 teg·
592 3081 637 3125 tius
651 3073 682 3124 de
695 3071 760 3138 Opis.
775 3074 822 3123 Dei
841 3088 889 3137 cap.
912 3089 950 3124 ιο.
973 3077 1092 3140 Palpelru,

64 3158 141 3190 menta
161 3147 284 3202 oculorum,
304 3145 521 3196 moiliffimaraiiu
537 3147 565 3197 ne*
590 3149 644 3210 pilis
662 3147 687 3192 in
707 3145 782 3192 ordine
796 3142 908 3201 stann'lus
934 3156 1093 3202 vanuum.

63 3212 164 3262 luderent
181 3217 267 3268 aciem,
291 3213 396 3279 aptrffime
413 3213 470 3263 fassa
489 3217 515 3269 &t
534 3221 565 3266 ad
590 3216 677 3280 septum
703 3214 771 3260 oculis
801 3211 971 3275 decentifflmum
990 3218 1094 3279 prebent.

63 3282 198 3330 claudendas
213 3284 319 3348 pupulus,
336 3284 363 3333 ni
376 3286 434 3350 quid
451 3285 565 3343 incideret,
593 3278 694 3332 videsis
708 3280 857 3339 Aristotelem
871 3285 897 3330 P.
913 3283 945 3330 Α.
958 3281 1001 3330 lib.
1016 3287 1049 3332 11.
1069 3299 1091 3332 c.

62 3351 132 3406 &ud
150 3354 296 3416 aperiendus:
322 3355 388 3420 idque
402 3357 515 3419 providit,
541 3370 566 3404 ut
597 3367 636 3413 ις.
655 3351 805 3410 ,Ληὺνοβιιω
824 3355 940 3399 Herarm.
960 3356 1001 3405 vs,
1019 3369 1043 3411 9·
1063 3354 1090 3402 dc

61 3420 182 3468 identidem
197 3421 255 3481 fieri
268 3421 335 3485 peffet
348 3440 398 3471 cum
409 3440 519 3472 maxuma
532 3443 564 3472 cr·
592 3424 751 3470 Theodornum
776 3415 806 3466 de
831 3415 928 3468 Prortd.
950 3424 1024 3472 Setm.
1044 3435 1092 3470 nt.

61 3490 163 3543 irritare)
181 3495 315 3555 munitaque
329 3494 386 3553 sunt
395 3495 502 3556 palpebra
516 3494 564 3540 &a
592 3506 641 3554 pag.
657 3499 699 3540 60.
734 3491 804 3536 Idem.

62 3557 153 3620 Hospes
173 3555 201 3605 sit
221 3574 316 3623 oportet
338 3562 363 3608 iu
385 3564 498 3618 cicerone,
522 3565 564 3626 qui
628 3569 643 3608 6
663 3563 696 3607 Ur
707 3559 750 3622 qui
762 3569 872 3622 tunquam
885 3558 986 3606 involuti
997 3557 1093 3622 quiesce·

62 3641 129 3682 eum,
141 3625 195 3690 post
208 3629 321 3688 injedlam
338 3627 497 3686 Parenthelin,
517 3630 565 3679 eas·
592 3632 661 3696 rrnt]
696 3629 749 3696 Qui
769 3628 796 3674 in
821 3623 960 3674 atcenfiant
984 3624 1091 3674 editione

61 3693 118 3745 dem
133 3711 205 3743 voees
227 3697 265 3745 vel
285 3711 365 3745 earum
385 3697 479 3748 sensum
501 3715 565 3765 repe·
594 3712 644 3745 non
658 3709 786 3760 comparet.
824 3699 885 3755 Lego
898 3698 925 3749 ii,
942 3694 981 3744 vel
994 3698 1028 3750 iri,
1039 3708 1090 3741 run·

59 3778 107 3815 tere
119 3765 197 3816 solete
215 3765 313 3816 nesciat.
347 3770 446 3818 Devius.
592 3781 661 3832 quum
681 3767 784 3816 inprimi
802 3765 947 3831 quiescerent.
984 3759 1064 3878 Idem}

338 3847 343 3856 ⁵
1019 3845 1029 3876 1
1063 3847 1090 3876 n·
