2654 4482
238 271 320 338 274
429 247 505 320 Du
545 235 797 320 Nn'runn
835 239 1089 316 Deonunt

242 405 287 462 to
310 379 513 462 Siciliensi?
550 381 643 484 quid
667 381 817 458 Oceani
836 379 984 458 fervore
1006 382 1080 456 illis
1101 383 1142 458 in
1168 381 1273 474 locis,

297 505 466 602 Europam
492 487 701 600 Libyamque
726 510 840 598 rapax
866 485 925 564 ubi
949 491 1085 566 dividit
1111 491 1240 566 razda?

243 607 373 716 Qid?
411 605 524 682 aestus
559 605 753 682 maritumi
788 601 850 678 vei
884 601 1168 706 Hispanienses,
1217 605 1275 680 vel

244 717 465 802 Britannici,
499 739 708 814 eommque
732 717 841 816 certis¹
863 713 1098 816 temporibus
1129 715 1192 790 vel
1220 741 1275 792 ac·

242 828 356 904 cessus
382 827 442 901 vel
478 823 644 915 recessus,
682 819 761 900 fine
792 825 880 900 Deo
910 824 990 900 ficri
1025 849 1160 902 nonne
1194 828 1276 928 pos·

242 937 350 1016 sunt?
385 937 497 1028 Vide,
524 933 676 1036 quaeso,
696 929 724 1008 si
745 937 872 1011 omnis
892 956 1032 1025 motus,
1053 938 1274 1035 omniaque,

242 1073 339 1150 quae
364 1052 473 1126 certis
505 1047 739 1147 temporibus
772 1045 949 1122 ordinem
982 1045 1090 1122 suum
1129 1046 1276 1126 conset-

242 1177 345 1250 vant,
382 1157 723 1243 ¹divinadicimus3
757 1163 829 1234 'ne
853 1161 1029 1234 tertianas
1047 1158 1205 1258 quidem
1227 1158 1276 1234 se·

244 1271 349 1352 bees,
390 1275 429 1348 dr
459 1287 679 1371 quartanas,
720 1267 862 1344 divinas
887 1267 958 1344 efl'e
978 1268 1183 1347 dicendum
1210 1265 1273 1345 fir:

242 1406 403 1482 quarunt
420 1373 629 1460 reversione
650 1383 687 1456 δ(
710 1398 824 1454 motu
840 1381 932 1478 quid
952 1379 1072 1480 potest
1093 1378 1165 1456 esse
1185 1406 1273 1458 con-

242 1493 416 1570 stantius?
458 1491 530 1568 Sed
558 1492 735 1568 omnium
763 1491 897 1566 talium
924 1515 1050 1566 rerum
1073 1493 1172 1567 ratio
1198 1493 1274 1568 red-

243 1603 367 1678 denda
392 1602 451 1676 est.
516 1602 633 1710 Qtod
657 1624 726 1676 vos
747 1593 836 1676 ciam
859 1599 981 1678 facete
1006 1625 1088 1676 non
1112 1603 1272 1702 potestis,

249 1720 476 1810 ³tarnquam
503 1714 544 1786 in
572 1735 686 1802 atain,
727 1711 931 1812 confugitis
964 1712 1010 1789 ad
1029 1714 1171 1788 Deum.
1227 1715 1272 1790 Et

244 1819 471 1924 Chrysippus
496 1823 567 1898 tibi
604 1813 710 1898 acutb
739 1823 864 1900 dicere
894 1824 1108 1904 videbatur,
1152 1821 1273 1900 homo

241 1931 319 2012 stne
346 1935 463 2022 dubio
490 1931 655 2011 versurus
694 1939 731 2014 ὅ(
759 1934 937 2012 callidus:
986 1931 1182 2028 (Versutos
1213 1959 1273 2012 eos

243 2046 403 2148 appello,
432 2069 597 2146 quorum
620 2046 788 2122 celeriter
814 2070 923 2120 mens
944 2043 1130 2122 versatur:
1161 2047 1271 2122 Calli-

242 2157 319 2262 dos¹
334 2175 473 2245 autem,
499 2181 678 2256 quorum,
703 2179 897 2256 tamquam
923 2180 1056 2232 manus
1077 2181 1207 2258 opere,
1228 2154 1271 2234 stc

241 2267 389 2342 animus
422 2265 489 2340 usu
517 2267 747 2369 concalluit)
778 2269 808 2342 is
835 2270 960 2366 igitur,
987 2263 1194 2373 staliquid
1215 2263 1269 2368 esi,

1135 2399 1272 2479 lnquit,

280 2553 392 2601 1Divina
405 2547 524 2616 dicimus]
544 2555 670 2616 SicElienf.
678 2559 739 2603 Med.
805 2553 868 2604 ibid.
887 2555 923 2603 Νὲ
938 2559 1048 2605 tertianas
1062 2551 1164 2619 quidem
1179 2558 1270 2618 febres]

241 2631 296 2692 Q·
310 2623 408 2681 uisceris.
430 2623 454 2669 ὅ(
471 2624 550 2669 iiiior.
579 2625 658 2688 Vulgo
678 2629 740 2674 duci·
770 2624 821 2673 Nili
838 2626 927 2687 placcat
946 2627 988 2673 illa
1000 2626 1105 2672 Lambini
1124 2627 1269 2684 conjeiiun.

240 2711 299 2742 nius.
328 2694 430 2739 varies.
769 2709 812 2754 pro
825 2709 872 2758 qua
890 2696 983 2753 reponit
1001 2693 1028 2742 ni
1046 2697 1158 2740 tertianas
1172 2710 1270 2758 quoque

318 2791 320 2794 ·
763 2767 851 2824 febres,
871 2763 920 2822 lege
943 2761 969 2809 ne¹
983 2766 1091 2810 tertium
1112 2765 1173 2810 item
1189 2764 1271 2822 febres.

284 2847 296 2878 2
326 2828 361 2877 Ne*
388 2831 496 2878 tertianas
522 2830 621 2896 quidem
650 2831 740 2890 febres]
768 2829 834 2895 quod
856 2835 926 2878 eriam
947 2835 1134 2879 dissiderem
1156 2834 1271 2878 venitin

241 2904 346 2948 Muretus
362 2897 488 2959 legendarii
503 2917 575 2964 putor.
588 2923 615 2951 ne
628 2903 739 2947 tertianas
770 2913 887 2948 mentem.
925 2897 992 2947 Certe
1013 2897 1101 2962 flagitat
1119 2901 1170 2946 loci
1184 2901 1273 2952 sensus,

242 2983 339 3030 ‹1110qu
348 2969 434 3026 stimi
454 2985 502 3023 aur,
516 2973 542 3019 ne'
555 2975 662 3020 tertianas
679 2971 737 3016 irem
768 2985 795 3016 ur
808 2969 847 3016 vei
861 2972 922 3015 hanc
936 2969 974 3015 vei
989 2968 1057 3016 iilam
1071 2965 1270 3017 emendationem

237 3039 318 3096 scires.
341 3033 738 3108 idqundi'eurenritrequirerovi-
768 3041 915 3101 recipiamus.
951 3042 1048 3086 Davies.

242 3101 318 3152 rietur·
356 3107 523 3156 britannum.

278 3168 339 3218 ibid.
362 3171 395 3218 Ne*
415 3179 524 3223 tertianas
550 3194 647 3242 quoque
667 3176 738 3236 fibra
804 3191 813 3234 3
835 3179 955 3240 Tanquam
967 3176 990 3222 in
1004 3191 1077 3226 aram,
1099 3171 1231 3236 confugitis
1242 3179 1272 3222 ed

246 3242 313 3299 &c.]
332 3242 368 3285 Sic
382 3240 509 3302 legendum
524 3249 560 3293 vei
575 3247 641 3294 libris
658 3247 737 3292 omni·
769 3249 855 3304 Deum]
872 3241 953 3306 Vuigd
965 3243 1102 3307 aufugistis.
1140 3248 1271 3305 Perpetem.

241 3309 284 3355 bns
300 3308 633 3367 teclomaiiribus511ucerrim
646 3315 739 3362 senten·
770 3318 835 3360 Hanc
853 3312 904 3359 sane
920 3310 1034 3361 mendam
1047 3317 1174 3375 Typograp
1181 3315 1222 3360 his
1234 3310 1274 3360 de·

242 3380 277 3424 rin
289 3374 336 3424 este
354 3374 414 3426 Vide
427 3395 458 3426 ne
471 3385 580 3431 tertianae
593 3399 690 3448 quoque
704 3381 738 3430 se·
770 3380 819 3428 beri
832 3379 966 3436 statuissem,
982 3381 1025 3431 nisi
1038 3384 1086 3444 pari
1102 3379 1181 3428 modo
1194 3378 1269 3429 dedis-

244 3441 434 3494 bresdicendum
445 3445 471 3496 fir
483 3445 739 3514 essedivinas,s1,qu:e-
769 3449 821 3498 sent
841 3456 921 3496 Bonan·
943 3467 1015 3511 ¹494·
1039 3453 1103 3500 Med.
1123 3451 1150 3498 bt
1171 3454 1270 3498 haruin.

243 3529 338 3577 rurique
364 3519 432 3564 cenis
456 3521 604 3581 temporibus
626 3516 737 3567 ordinem
772 3521 803 3566 Hi
822 3521 894 3566 eriam
907 3521 1031 3584 pluresque
1051 3514 1155 3567 Codices
1175 3516 1270 3568 absorde

243 3583 314 3631 titum
336 3585 490 3636 conservant.
519 3585 602 3636 divina
618 3585 740 3636 ducimus.
771 3584 835 3641 dant,
853 3593 998 3652 tanquamin
1018 3594 1190 3638 Anneium.
1217 3593 1271 3635 Pro·

244 3653 336 3700 ariolus
349 3653 435 3713 aliquis
449 3653 536 3703 scilieet
551 3670 673 3721 aequoque
685 3656 741 3706 fecit
771 3656 880 3704 verbialis
899 3656 965 3704 illiue
991 3661 1092 3724 pedesne
1119 3661 1173 3706 vim
1201 3672 1272 3704 ΜΟ

240 3725 336 3788 quartem,
363 3725 470 3772 ciceronis
484 3726 578 3778 senium
591 3722 742 3776 nonasterii·
771 3728 851 3774 nescit.
888 3729 956 3772 Idem.

240 3805 288 3842 rur.
323 3794 454 3843 Lambrum.
726 3791 734 3812 ²
806 3793 1168 3858 4Niiiilhmimrffeme1im]
1188 3801 1275 3846 Vocem

1184 3865 1266 3929 penul·
