2668 4480
319 270 799 366 eran111‚311
995 253 1078 365 3r5

28 419 194 520 quidem
229 415 465 510 homunculi,
495 417 557 496 sed
592 438 722 502 tamen
757 413 918 494 ridiculi.
973 419 1069 526 Quis

28 536 132 626 enim
160 551 207 606 te
229 528 459 620 adhibuisset,
481 530 614 606 dixerit
635 527 832 631 quispiam,
859 521 963 604 stista
985 553 1069 606 non

31 639 174 721 essent?
208 641 355 718 Contra
376 641 503 716 Deum
526 641 615 717 lieet
629 638 813 741 disputate
833 632 995 716 liberiirs.
1022 641 1069 716 In

29 750 247 827 hominum
271 754 372 828 vitiis
393 755 444 827 ais
478 748 549 854 esse
582 751 741 852 culpam.
795 753 889 826 Eam
917 749 1069 828 dedisses

29 861 261 940 hominibus
285 863 485 954 rationem,
512 886 607 962 quae
626 865 717 942 vitia
751 863 975 964 culpamque
1008 888 1069 940 ex-

28 975 216 1050 cluderet.
272 967 355 1050 Ubi
381 975 495 1072 igitur
514 972 622 1049 locus
645 971 717 1048 fuit
738 973 856 1047 errori
873 973 1068 1052 Deorum?

31 1109 120 1160 mm
144 1085 379 1187 patrimonia
398 1082 461 1184 spe
485 1084 582 1158 bene
599 1083 770 1160 tradendi
795 1084 1041 1182 relinquimus
1054 1117 1066 1174 3

31 1220 102 1294 qua
127 1195 327 1298 possumus
353 1192 455 1270 falli:
494 1195 598 1269 Deus
623 1189 704 1270 falli
735 1186 801 1294 qui
822 1196 1069 1295 potuitlhn

31 1325 69 1381 ut
88 1305 172 1389 Sol,
203 1309 245 1382 in
269 1329 421 1382 curtum
449 1298 537 1382 cirm
565 1303 842 1382 Phaethontem
860 1304 980 1381 filium
1011 1305 1067 1381 su-

31 1416 151 1494 stulit:
189 1424 286 1492 ⁵aut
312 1435 353 1492 ut
376 1417 592 1516 Neptunus,
620 1411 712 1492 cbm
736 1413 1066 1518 TheseusHippo-

28 1526 150 1623 lytum
192 1525 378 1630 perdidit,
415 1521 506 1603 crim
535 1546 593 1603 ter
625 1526 785 1629 optandi
822 1520 843 1602 l
879 1528 1066 1628 Neptuno

31 1657 131 1736 patre
172 1636 354 1716 habuisset
377 1637 619 1738 potestatem?
646 1641 850 1715 Poetarum
872 1638 944 1715 ista'
958 1637 1065 1716 sunt:

32 1771 98 1824 nos
128 1767 262 1826 autem
288 1746 505 1852 philosophi
530 1748 824 1840 essevolumus,
852 1773 978 1827 rerum
1005 1776 1067 1836 au-

34 1859 184 1951 dores,
211 1884 294 1937 non
325 1859 547 1937 fabularum.
605 1860 737 1962 Atque
774 1861 800 1934 ii
834 1879 962 1935 tamen
999 1858 1066 1962 ipfi

34 1965 83 2044 Di
106 1974 280 2073 poetici,
316 1966 511 2048 fisciffent
535 1971 744 2072 perniciosa
770 1970 853 2048 fore
876 1969 941 2045 illa
967 1971 1065 2063 siliis,

33 2081 193 2178 peccasse
217 2084 258 2157 in
279 2079 465 2159 beneficio
487 2101 716 2183 putarentur.
747 2089 769 2133 4
785 2084 844 2172 Et,
874 2076 1064 2176 (hverum

34 2189 227 2293 estquod
263 2193 391 2269 Aristo
429 2191 549 2271 Chius
581 2194 704 2270 dicere
742 2189 895 2282 solebat,
923 2217 1063 2272 nocere

32 2303 268 2380 audientibus
289 2302 534 2406 philosophos
557 2306 611 2386 iis,
639 2307 705 2405 qui
730 2297 827 2380 beni
853 2299 1061 2380 distamalb

16 2411 343 2516 :interpretantur3
369 2415 471 2517 posse
503 2417 606 2494 eninr
645 2414 770 2492 asotos
803 2441 847 2492 ex
868 2414 1060 2519 Aristippi,

16 2526 184 2603 :acerbos
207 2520 229 2604 ὲ
255 2529 424 2606 Zenonis
446 2525 569 2603 schola
583 2529 704 2628 exire)
734 2525 894 2628 prorsus,
923 2521 961 2614 li,
992 2532 1060 2625 qui

17 2635 242 2730 audierunt,
256 2633 379 2714 vitiosi
401 2636 514 2714 essent
538 2634 734 2725 discessuri,
759 2630 866 2738 quod
887 2632 1059 2736 perverse

909 2786 919 2818 ¹
939 2779 1063 2881 philo·

19 2954 128 3018 ,habeon
145 2963 207 3025 usa
220 2955 357 3010 accidissent
373 2963 455 3009 trabes.
495 2961 538 3007 At·
562 2972 732 3008 oncrum-r
753 2955 851 3018 abiegna
869 2953 899 3004 ad
914 2971 1000 3007 terram
1012 2973 1061 3008 tta·

19 3037 125 3084 samen,
150 3046 224 3092 prout
246 3033 351 3078 Varronis
373 3033 398 3077 dc
419 3031 535 3091 Prisciani
560 3029 609 3076 ber.
636 3028 742 3076 Alteram
763 3040 844 3073 tamen
857 3023 1011 3076 locutionem
1024 3029 1059 3077 la·

19 3099 22 3158 J
36 3093 120 3143 constat
131 3102 278 3153 austeritate,
298 3094 399 3147 Codices
423 3097 461 3147 isti
481 3113 531 3145 non
559 3091 833 3156 tluilfimanreslepatet
852 3108 881 3142 ex
895 3096 924 3142 iis
938 3111 991 3160 qua
1011 3113 1059 3145 no·

21 3161 87 3230 real
102 3165 123 3212 se
141 3169 239 3222 habent,
258 3182 315 3216 cum
333 3169 456 3232 pluraliter
474 3163 531 3214 effe·
558 3168 618 3213 tavit
630 3169 682 3214 Nic.
696 3159 843 3224 Heufiarad
857 3165 938 3212 ovidii
952 3164 1011 3216 last.
1026 3172 1055 3223 V.

20 3237 152 3300 phareas·
174 3235 304 3297 accidiffenr
325 3235 410 3284 trabes.
446 3241 530 3285 lmmo
560 3238 615 3294 358.
650 3235 721 3282 Iden.

21 3305 23 3312 ’
36 3301 62 3342 ni
75 3299 134 3364 quid
147 3302 257 3354 omulud
272 3300 425 3354 movendum
438 3319 529 3369 putem,
595 3320 606 3362 r
627 3307 690 3354 Aur,
702 3315 731 3349 ut
742 3307 871 3366 Neptunus]
889 3298 996 3351 Mediam
1010 3318 1055 3351 vo·

36 3363 85 3414 satit
99 3367 156 3420 crim
169 3374 276 3422 aliorum
297 3377 439 3422 MSStorum
462 3369 530 3428 sidet,
556 3387 610 3419 cem
628 3387 658 3420 ez
671 3377 727 3439 Reg-
751 3373 776 3418 dc
798 3371 889 3418 cantab.
905 3366 1055 3424 addidimus.

23 3433 84 3504 stum
97 3441 270 3504 Qinffilr'anm
285 3441 342 3494 Inst-
359 3447 426 3492 Orat.
444 3441 488 3492 lib.
501 3445 529 3492 v.
557 3439 653 3490 rabulas
673 3437 751 3491 verti.
770 3453 828 3502 quas
841 3439 940 3501 respexit
959 3440 1053 3499 noster,

22 3507 79 3564 “²l’·
94 3522 132 3558 ιο.
167 3511 237 3580 'Rada'
254 3525 332 3560 auter»
349 3527 474 3564 morimur,
491 3512 530 3556 in·
555 3505 621 3557 haud
635 3503 1057 3582 enarrandasputogquippepquaeeg

22 3567 90 3638 {quiq
107 3581 189 3640 cauffo
204 3599 248 3628 non
261 3582 340 3645 urique
352 3583 381 3627 ab
398 3582 478 3628 ultim
492 3578 532 3640 effe
555 3577 716 3641 Myth'ologir,
735 3574 854 3624 Lexicisve
875 3579 977 3626 Poeticis
996 3582 1057 3628 hau.

23 3649 167 3708 ]'eptmdarr
186 3650 316 3702 orma.
333 3651 435 3697 Urinam
456 3650 527 3696 uein
555 3644 705 3708 riripolllnt.
740 3645 810 3692 Iden.

23 3720 127 3764 'nemore
150 3717 227 3770 Pelio.
269 3717 344 3782 Μ
362 3734 416 3767 vtro
436 3718 461 3764 id
479 3732 530 3764 em
588 3730 606 3774 4
627 3713 691 3772 Eofi
707 3715 864 3775 vermJLeg.
878 3714 945 3772 Vnst
960 3730 1056 3774 verum,

23 3774 266 3848 ‘basrrmrmm
279 3787 528 3854 rrummqrodilb'r
554 3779 625 3854 quod
652 3795 684 3832 ex
708 3781 777 3850 seqq.
806 3778 970 3830 manifestum.
989 3790 1059 3838 ram,

451 3953 457 3964 .
551 3893 573 3938 x
594 3905 604 3950 ς
963 3895 972 3929 r
992 3881 1069 3931 trito·
