2636 4478
292 171 535 257 LIBER
590 179 656 272 Ill,
716 192 820 273 8,9.
1058 193 1141 300 27¹,

51 321 100 402 A
129 323 407 405 consuetudine
430 328 533 414 enim
555 326 770 436 oculorum
797 330 967 408 animum
992 334 1105 416 abdu-

49 459 150 512 cere
176 429 447 545 difficillimum
472 429 638 514 dicebas:
678 435 752 530 sed,
781 432 870 519 ciam
893 443 982 519 Deo
1005 446 1103 525 nihil

48 547 305 648 praestantius
329 548 428 641 effer,
468 553 550 625 non
574 547 778 641 dubitabas,
815 554 909 651 quin
935 557 1102 635 mundus

49 656 148 735 esset
174 661 307 754 Deus,
335 667 357 712 4
372 652 480 759 qudd
503 657 599 734 nihil
619 661 660 734 in
685 656 817 738 rerum'
836 681 967 740 natura
990 669 1099 745 meli·

50 791 100 844 us
129 769 247 858 effets
287 763 409 850 modo
435 765 623 872 poisemus
655 795 744 847 eum
772 774 1007 852 animantem
1033 804 1099 856 co-

47 881 192 984 gitare,
231 875 303 968 vel'
315 874 455 986 potins,
496 900 537 957 ut
553 885 687 986 ‘cetera
710 881 851 976 oculis,
885 879 940 963 ⁴fic
964 890 1097 968 animo

48 987 135 1066 hoc
157 1014 322 1092 cernere.
379 992 452 1068 Sed
472 984 562 1068 edm
583 991 730 1067 mundo
752 993 865 1096 negas
885 998 1095 1099 quicquam

50 1097 129 1177 ess‘e
168 1104 324 1184 melius,
359 1101 486 1202 5¹quid
511 1102 603 1178 dicis
637 1103 796 1206 melius?
833 1101 861 1179 st
893 1107 1095 1209 pulchrius,

49 1209 270 1291 adsentior:
297 1210 325 1291 st
349 1203 539 1324 aptius'ad
561 1212 741 1290 utilitates
762 1213 913 1309 nostras,
940 1218 980 1294 id
999 1231 1096 1320 quo-

50 1323 1093 1423 fflfflmssmmMQfflffl

49 1435 209 1512 mundo
233 1433 458 1538 sapientiu's3
497 1435 607 1528 nullo
633 1435 752 1512 modo
785 1436 934 1539 prorsus
965 1441 1094 1520 adsen-

47 1547 156 1622 tior:
208 1571 292 1624 non
316 1539 424 1648 qudd
449 1538 603 1621 difficile
633 1541 676 1620 stt
701 1565 873 1624 mentem
900 1548 947 1626 ab
969 1553 1092 1632 oculis

48 1654 257 1747 sevocare,
295 1655 357 1734 sed
382 1651 461 1758 quo
488 1658 607 1758 magis
630 1653 780 1750 sevoco,
816 1681 864 1736 eo
886 1655 1013 1742 minus
1037 1665 1089 1758 id,

49 1767 165 1868 quod
185 1787 229 1846 tu
246 1771 312 1860 vis,
331 1770 478 1872 poffum
496 1785 626 1845 mente
646 1766 976 1874 comprehendere.
1017 1775 1127 1875 NF!

46 1873 108 1955 hil
133 1877 184 1958 est
206 1879 355 1958 mundo
378 1879 513 1956 melius
542 1881 735 1955 interum
758 1897 900 1957 natura.
955 1883 1020 1962 Ne
1045 1890 1088 1966 in

46 1991 163 2067 terris
187 1991 343 2090 quidem
365 1990 457 2067 urbe
480 1989 612 2066 nostra.
669 1991 922 2092 Nummigitur‘
943 1993 1089 2075 ideirco

47 2097 94 2178 in
127 2101 220 2179 urbe
245 2101 315 2179 effe
341 2104 550 2193 rationem,
589 2101 874 2202 cogitationem,
914 2125 1086 2205 mentem

47 2219 187 2315 putas?
227 2228 300 2296 aut,
336 2214 521 2314 quoniam
547 2234 629 2287 non
656 2205 709 2291 su,
738 2233 833 2289 num
859 2213 1002 2294 idcirco
1026 2243 1088 2296 ex·

47 2324 203 2401 istumas
230 2322 432 2414 formicam
460 2322 766 2425 anteponendam
792 2321 861 2404 esse
887 2322 977 2406 huic
1003 2333 1087 2431 pul·

48 2434 261 2512 cherrimac
282 2435 393 2523 urbi3
419 2427 526 2534 quod
547 2435 588 2511 in
612 2433 704 2510 urbe
728 2431 854 2516 vsensus
879 2431 922 2514 fit
944 2441 1084 2536 nunus,

48 2550 94 2624 in
121 2545 286 2624 formica
309 2569 392 2624 non
413 2537 536 2622 modo
559 2542 696 2635 sensus,
733 2541 796 2621 sed
821 2549 935 2624 etiam
961 2575 1084 2644 mens,

48 2660 166 2748 ratio,
198 2660 406 2734 memoria?
453 2655 593 2734 Videre
623 2672 788 2754 oportet,
827 2656 951 2737 Balbe,
988 2665 1083 2762 quid

48 2769 122 2845 tibi
150 2765 394 2857 concedatur,
417 2790 500 2844 non
526 2785 565 2842 te
594 2762 728 2865 ipsum,
754 2764 860 2865 quod
889 2768 1002 2859 velis,
1023 2771 1081 2848 su·

25 2900 166 2958 mere.
225 2879 339 2958 Istum
363 2879 468 2957 enim
491 2877 622 2954 locum
646 2893 774 2952 totum
795 2876 860 2952 illa
884 2895 990 2956 vetus
1011 2885 1082 2958 Ze·
1120 2947 1122 2951 .
1158 2879 1176 2898 ⁸

969 3008 1084 3084 nonis

52 3201 95 3254 Ae,
118 3209 163 3261 pro
176 3198 322 3261 separantur,
346 3198 397 3245 Pal.
417 3209 452 3260 pt.
474 3195 500 3245 k
521 3199 552 3244 E·
582 3203 726 3244 memorem.
761 3195 832 3245 Idem.

49 3267 112 3330 beust
120 3263 180 3314 dant
190 3265 368 3332 sequestrantur.
382 3263 555 3314 Libratiistib·
614 3279 631 3324 4
656 3259 733 3330 Qtdd
750 3267 808 3313 nibil
828 3266 854 3312 ι’»
871 3277 948 3314 rm
971 3267 1079 3332 natura]

50 3350 87 3385 eet
106 3334 218 3390 verbum,
237 3329 306 3399 quod
325 3347 355 3381 eo
375 3334 441 3382 sensu
461 3332 554 3397 usurpa·
580 3336 616 3380 lta
627 3327 692 3388 dedi,
705 3346 794 3382 veteres
808 3333 881 3382 libros
893 3334 1000 3389 secutura
1019 3349 1078 3384 nant

51 3417 108 3453 mut
129 3417 230 3453 etatum
249 3403 401 3465 sequentinm
421 3403 551 3466 scriptores,
577 3401 641 3464 vulg.
654 3418 698 3466 quo
711 3403 770 3448 nibil
781 3401 904 3451 exhibent.
937 3405 1009 3451 Idem.

50 3475 77 3522 in
94 3476 167 3522 Tutzis·
185 3473 262 3522 libror
281 3470 403 3522 invexere.
444 3467 505 3520 Vide
523 3467 552 3519 iis
615 3485 625 3530 ς
650 3471 717 3536 Qid
739 3472 795 3519 dicis
819 3471 940 3536 meliust]
969 3475 1027 3520 Hae
1049 3487 1079 3520 o·

49 3544 194 3594 munitm
208 3539 295 3590 domn.
314 3541 375 3604 stip.
393 3539 436 3588 lib.
450 3543 471 3588 1.
489 3553 552 3603 capp.
576 3540 748 3589 mittuutMed.
762 3541 865 3590 lincoln·
876 3545 932 3610 ‘Reg-
947 3541 972 3588 δι
986 3542 1078 3590 cantu.

55 3627 75 3672 ς,
90 3619 113 3662 6.
126 3611 335 3662 &renuidem
347 3605 377 3658 de
386 3610 478 3660 Anima
487 3623 550 3672 capp.
577 3602 646 3671 quod
668 3606 815 3672 negligentia
842 3608 1019 3664 librariorum,
1043 3610 1076 3656 ob

54 3696 92 3740 ¹4·
109 3699 150 3740 25,
169 3694 216 3742 55,
229 3679 267 3740 5³·
286 3673 316 3724 ni
332 3678 553 3741 Augustinumo·
576 3690 663 3726 vocem
681 3679 761 3734 melius
789 3679 926 3743 repetitam,
953 3673 1078 3740 contigisse

48 3752 127 3808 etim
145 3751 312 3817 Eginbarutnn
334 3748 425 3805 Rodum.
448 3744 553 3812 aliosque
577 3745 668 3796 censeo.
703 3748 773 3797 Idm.
1025 3815 1043 3858 B

994 3825 1005 3858 r
1043 3827 1082 3862 w.
